@Article{Chow2012,
  author =       "K.-H. Chow, R.E. Factor and K.S. Ullman",
  title =        "The nuclear envelope environment and its cancer connections",
  journal = 	 "Nature Reviews on Cancer",
  year = 	 "2012",
  volume = 	 "12",
  pages = 	 "196-209",
  month = 	 "March"
}

